@article{alfras,
author={Alfaras Miquel and Soriano Miguel C. and Ort√≠n Silvia},
	 
title={A Fast Machine Learning Model for ECG-Based Heartbeat Classification and Arrhythmia Detection},
journal={Frontiers in Physics},
volume={7},
year={2019},
pages={103},
url={\url{https://www.frontiersin.org/article/10.3389/fphy.2019.00103}},
doi={10.3389/fphy.2019.00103},
issn={2296-424X}
}

@article{Kachuee_2018,
   title={ECG Heartbeat Classification: A Deep Transferable Representation},
   ISBN={9781538653777},
   url={http://dx.doi.org/10.1109/ICHI.2018.00092},
   DOI={10.1109/ichi.2018.00092},
   journal={2018 IEEE International Conference on Healthcare Informatics (ICHI)},
   publisher={IEEE},
   author={Kachuee, Mohammad and Fazeli, Shayan and Sarrafzadeh, Majid},
   year={2018},
   month={Jun}
}
